<?xml version="1.0" encoding="UTF-8"?><collection xmlns="http://www.loc.gov/MARC21/slim"><record><leader>00421nam--2200157-i-4500</leader><controlfield tag="001">000013594</controlfield><controlfield tag="002">20161230</controlfield><controlfield tag="005">20170113000233</controlfield><controlfield tag="008">060222s1000------------r-----000-0-eng-d</controlfield><datafield ind1=" " ind2=" " tag="100"><subfield code="a">Ashley, Ruth</subfield></datafield><datafield ind1=" " ind2=" " tag="245"><subfield code="a">8080/8085 Assembly Language Programming</subfield></datafield><datafield ind1=" " ind2=" " tag="260"><subfield code="a">New York</subfield><subfield code="b">John Wiley &amp; Sons Inc</subfield><subfield code="c">1981</subfield></datafield><datafield ind1=" " ind2=" " tag="300"><subfield code="a">XIV + 303 p</subfield></datafield><datafield ind1=" " ind2=" " tag="700"><subfield code="a">Fernandez, J. N</subfield></datafield><datafield ind1=" " ind2=" " tag="852"><subfield code="a">681.326.32:519.688</subfield></datafield><datafield ind1=" " ind2=" " tag="CAT"><subfield code="a">SYS</subfield><subfield code="c">20170113</subfield><subfield code="h">000233</subfield></datafield></record></collection>